@article{broughton2021long,
  title={Long-term woodland restoration on lowland farmland through passive rewilding},
  author={Broughton, Richard K and Bullock, James M and George, Charles and Hill, Ross A and Hinsley, Shelley A and Maziarz, Marta and Melin, Markus and Mountford, J Owen and Sparks, Tim H and Pywell, Richard F},
  journal={PloS one},
  volume={16},
  number={6},
  pages={e0252466},
  year={2021},
  publisher={Public Library of Science San Francisco, CA USA}
}
